<?xml version="1.0" encoding="UTF-8"?>
<mx:record xmlns:mx="http://www.loc.gov/MARC21/slim" xmlns:xsi="http://www.w3.org/2001/XMLSchema-instance" id="mrc_2847401" xsi:schemaLocation="http://www.loc.gov/standards/marcxml/schema/MARC21slim.xsd"><mx:leader>01481nam a2200024 c 4500</mx:leader><mx:controlfield tag="001">2847401</mx:controlfield><mx:controlfield tag="005">20180413</mx:controlfield><mx:controlfield tag="007">he ||||||||||</mx:controlfield><mx:controlfield tag="008">981203s1798uuuugw ||| | |||||||||||und||</mx:controlfield><mx:datafield tag="016" ind1="7" ind2=" "><mx:subfield code="a">CA91.160807.0</mx:subfield><mx:subfield code="2">ItFiC</mx:subfield></mx:datafield><mx:datafield tag="020" ind1=" " ind2=" "><mx:subfield code="a">3598524102</mx:subfield><mx:subfield code="c">DM 749,- (zusammen mit den anderen Werken des Autors)</mx:subfield></mx:datafield><mx:datafield tag="035" ind1=" " ind2=" "><mx:subfield code="a">(OCoLC)665124823</mx:subfield></mx:datafield><mx:datafield tag="035" ind1=" " ind2=" "><mx:subfield code="a">(DE-604)BV011973888</mx:subfield></mx:datafield><mx:datafield tag="035" ind1=" " ind2=" "><mx:subfield code="a">(XX-XxUND)BVBBV011973888</mx:subfield></mx:datafield><mx:datafield tag="035" ind1=" " ind2=" "><mx:subfield code="a">(DE-604)119738880</mx:subfield></mx:datafield><mx:datafield tag="040" ind1=" " ind2=" "><mx:subfield code="e">rakwb</mx:subfield></mx:datafield><mx:datafield tag="084" ind1=" " ind2=" "><mx:subfield code="a">GE 6701</mx:subfield><mx:subfield code="2">rvk</mx:subfield></mx:datafield><mx:datafield tag="084" ind1=" " ind2=" "><mx:subfield code="a">GB 1632</mx:subfield><mx:subfield code="2">rvk</mx:subfield></mx:datafield><mx:datafield tag="100" ind1="1" ind2=" "><mx:subfield code="a">Rochlitz, Friedrich, 1769-1842</mx:subfield><mx:subfield code="d">1769-1842</mx:subfield><mx:subfield code="0">(DE-588)118601644</mx:subfield></mx:datafield><mx:datafield tag="109" ind1="1" ind2=" "><mx:subfield code="a">Rochlitz, Johann F., 1769-1842</mx:subfield><mx:subfield code="0">(DE-588)118601644</mx:subfield></mx:datafield><mx:datafield tag="109" ind1="1" ind2=" "><mx:subfield code="a">Rochlitz-Schmidt, 1769-1842</mx:subfield><mx:subfield code="0">(DE-588)118601644</mx:subfield></mx:datafield><mx:datafield tag="109" ind1="1" ind2=" "><mx:subfield code="a">Rochlitz, Johann Friedrich, 1769-1842</mx:subfield><mx:subfield code="v">DBI 2.A., ADB, BLC; MGG</mx:subfield><mx:subfield code="0">(DE-588)118601644</mx:subfield></mx:datafield><mx:datafield tag="109" ind1="1" ind2=" "><mx:subfield code="a">Rochlitz, Friedrich J., 1769-1842</mx:subfield><mx:subfield code="0">(DE-588)118601644</mx:subfield></mx:datafield><mx:datafield tag="109" ind1="1" ind2=" "><mx:subfield code="a">Rochlitz, M., 1769-1842</mx:subfield><mx:subfield code="0">(DE-588)118601644</mx:subfield></mx:datafield><mx:datafield tag="245" ind1="0" ind2="0"><mx:subfield code="a">Allgemeine Musikalische Zeitung</mx:subfield></mx:datafield><mx:datafield tag="264" ind1=" " ind2="1"><mx:subfield code="a">Leipzig</mx:subfield><mx:subfield code="b">[s.n.]</mx:subfield><mx:subfield code="c">1798-1849</mx:subfield></mx:datafield><mx:datafield tag="300" ind1=" " ind2=" "><mx:subfield code="a">53 Bde</mx:subfield></mx:datafield><mx:datafield tag="337" ind1=" " ind2=" "><mx:subfield code="a">Mikroform</mx:subfield><mx:subfield code="b">h</mx:subfield><mx:subfield code="2">rdamedia</mx:subfield></mx:datafield><mx:datafield tag="338" ind1=" " ind2=" "><mx:subfield code="a">Mikrofiche</mx:subfield><mx:subfield code="b">he</mx:subfield><mx:subfield code="2">rdacarrier</mx:subfield></mx:datafield><mx:datafield tag="500" ind1=" " ind2=" "><mx:subfield code="a">Werk ursprünglich anonym erschienen. - Besitzer der Druckausg.: 19. - Mikrofiche-Ausg.: München [u.a.] : Saur, 1990 - 1994. 107 Mikrofiches. (Bibliothek der deutschen Literatur)</mx:subfield></mx:datafield><mx:datafield tag="980" ind1="5" ind2=" "><mx:subfield code="a">(OCoLC)243894636</mx:subfield></mx:datafield><mx:datafield tag="982" ind1=" " ind2=" "><mx:subfield code="a">Film P 91.33-5351/5439</mx:subfield><mx:subfield code="q">bk</mx:subfield></mx:datafield><mx:datafield tag="983" ind1=" " ind2=" "><mx:subfield code="b">0</mx:subfield><mx:subfield code="c">Hbm</mx:subfield><mx:subfield code="j">Hbm/Jz 12-5351/5439</mx:subfield><mx:subfield code="k">Film P 91.33-5351/5439</mx:subfield><mx:subfield code="p">36065361400011</mx:subfield><mx:subfield code="t">53</mx:subfield><mx:subfield code="u">53</mx:subfield></mx:datafield></mx:record>
